%transformer paper
@article{vaswani2017attention,
  title={Attention is all you need},
  author={Vaswani, Ashish and Shazeer, Noam and Parmar, Niki and Uszkoreit, Jakob and Jones, Llion and Gomez, Aidan N and Kaiser, {\L}ukasz and Polosukhin, Illia},
  journal={Advances in neural information processing systems},
  volume={30},
  year={2017}
}

%%%%%%%%%%%%%%%papers using attention for dynamic systems

%this is not a physical system a-priori!
@article{hernandez2021attention,
  title={Attention mechanisms and their applications to complex systems},
  author={Hern{\'a}ndez, Adri{\'a}n and Amig{\'o}, Jos{\'e} M},
  journal={Entropy},
  volume={23},
  number={3},
  pages={283},
  year={2021},
  publisher={MDPI}
}

@article{shalova2020tensorized,
  title={Tensorized transformer for dynamical systems modeling},
  author={Shalova, Anna and Oseledets, Ivan},
  journal={arXiv preprint arXiv:2006.03445},
  year={2020}
}

@article{geneva2022transformers,
  title={Transformers for modeling physical systems},
  author={Geneva, Nicholas and Zabaras, Nicholas},
  journal={Neural Networks},
  volume={146},
  pages={272--289},
  year={2022},
  publisher={Elsevier}
}



%%%%%%%%%%%%%%%%%%%%%%%%%%%%%%%%%%%%%%%%%papers using lstms for dynamic systems

@article{xue2020lstm,
  title={A LSTM based prediction model for nonlinear dynamical systems with chaotic itinerancy},
  author={Xue, Yanwen and Jiang, Jun and Hong, Ling},
  journal={International Journal of Dynamics and Control},
  volume={8},
  pages={1117--1128},
  year={2020},
  publisher={Springer}
}

@inproceedings{wang2017new,
  title={A new concept using lstm neural networks for dynamic system identification},
  author={Wang, Yu},
  booktitle={2017 American control conference (ACC)},
  pages={5324--5329},
  year={2017},
  organization={IEEE}
}

@article{gonzalez2018non,
  title={Non-linear system modeling using LSTM neural networks},
  author={Gonzalez, Jes{\'u}s and Yu, Wen},
  journal={IFAC-PapersOnLine},
  volume={51},
  number={13},
  pages={485--489},
  year={2018},
  publisher={Elsevier}
}


%%%%%%%%%%%%%%%%%%%%%%%%%%%%%%%%%SympNets & other structure-preserving networks
@article{jin2020sympnets,
  title={SympNets: Intrinsic structure-preserving symplectic networks for identifying Hamiltonian systems},
  author={Jin, Pengzhan and Zhang, Zhen and Zhu, Aiqing and Tang, Yifa and Karniadakis, George Em},
  journal={Neural Networks},
  volume={132},
  pages={166--179},
  year={2020},
  publisher={Elsevier}
}


%%%%%%%%%%%%%%%%%%%%%%%%%%%code packages
@software{pal2022lux,
    author = {Pal, Avik},
    title = {{L}ux: Explicit Parameterization of Deep Neural Networks in Julia},
    year = {2022},
    publisher = {GitHub},
    journal = {GitHub repository},
    howpublished = {\url{https://github.com/avik-pal/Lux.jl/}}
}
@article{Flux.jl-2018,
  author    = {Michael Innes and
               Elliot Saba and
               Keno Fischer and
               Dhairya Gandhi and
               Marco Concetto Rudilosso and
               Neethu Mariya Joy and
               Tejan Karmali and
               Avik Pal and
               Viral Shah},
  title     = {Fashionable Modelling with Flux},
  journal   = {CoRR},
  volume    = {abs/1811.01457},
  year      = {2018},
  url       = {https://arxiv.org/abs/1811.01457},
  archivePrefix = {arXiv},
  eprint    = {1811.01457},
  timestamp = {Thu, 22 Nov 2018 17:58:30 +0100},
  biburl    = {https://dblp.org/rec/bib/journals/corr/abs-1811-01457},
  bibsource = {dblp computer science bibliography, https://dblp.org}
}
@misc{Kraus:2020:GeometricIntegrators,
  title={GeometricIntegrators.jl: Geometric Numerical Integration in Julia},
  author={Kraus, Michael},
  year={2020},
  howpublished={\url{https://github.com/JuliaGNI/GeometricIntegrators.jl}},
  doi={10.5281/zenodo.3648325}
}