@book{hairer2006geometric,
  title={Geometric Numerical integration: structure-preserving algorithms for ordinary differential equations},
  author={Hairer, Ernst and Lubich, Christian and Wanner, Gerhard},
  year={2006},
  publisher={Springer},
  address={Heidelberg}
}

@article{hairer2008conjugate,
  title={Conjugate-symplecticity of linear multistep methods},
  author={Hairer, Ernst},
  journal={Journal of Computational Mathematics},
  pages={657--659},
  year={2008},
  publisher={JSTOR}
}

@article{schwarzenberg1995matrix,
  title={On Matrix Factorization and Efficient Least Squares Solution},
  author={Schwarzenberg-Czerny, Alex},
  journal={Astronomy and Astrophysics Supplement},
  volume={110},
  year={1995}
}

@article{10.1145/3511528.3511535,
author = {Gowda, Shashi and Ma, Yingbo and Cheli, Alessandro and Gw\'{o}\'{z}zd\'{z}, Maja and Shah, Viral B. and Edelman, Alan and Rackauckas, Christopher},
title = {High-Performance Symbolic-Numerics via Multiple Dispatch},
year = {2022},
issue_date = {September 2021},
publisher = {Association for Computing Machinery},
address = {New York, NY, USA},
volume = {55},
number = {3},
issn = {1932-2240},
url = {https://doi.org/10.1145/3511528.3511535},
doi = {10.1145/3511528.3511535},
abstract = {As mathematical computing becomes more democratized in high-level languages, high-performance symbolic-numeric systems are necessary for domain scientists and engineers to get the best performance out of their machine without deep knowledge of code optimization. Naturally, users need different term types either to have different algebraic properties for them, or to use efficient data structures. To this end, we developed Symbolics.jl, an extendable symbolic system which uses dynamic multiple dispatch to change behavior depending on the domain needs. In this work we detail an underlying abstract term interface which allows for speed without sacrificing generality. We show that by formalizing a generic API on actions independent of implementation, we can retroactively add optimized data structures to our system without changing the pre-existing term rewriters. We showcase how this can be used to optimize term construction and give a 113x acceleration on general symbolic transformations. Further, we show that such a generic API allows for complementary term-rewriting implementations. Exploiting this feature, we demonstrate the ability to swap between classical term-rewriting simplifiers and e-graph-based term-rewriting simplifiers. We illustrate how this symbolic system improves numerical computing tasks by showcasing an e-graph ruleset which minimizes the number of CPU cycles during expression evaluation, and demonstrate how it simplifies a real-world reaction-network simulation to halve the runtime. Additionally, we show a reaction-diffusion partial differential equation solver which is able to be automatically converted into symbolic expressions via multiple dispatch tracing, which is subsequently accelerated and parallelized to give a 157x simulation speedup. Together, this presents Symbolics.jl as a next-generation symbolic-numeric computing environment geared towards modeling and simulation.},
journal = {ACM Commun. Comput. Algebra},
month = {jan},
pages = {92â€“96},
numpages = {5}
}

@book{lang2002algebra,
  title={Algebra},
  author={Lang, Serge},
  series={Graduate Texts in Mathematics},
  volume={211},
  year={2002},
  publisher={Springer},
  address={Heidelberg}
}

@techreport{baker2019workshop,
  title={Workshop report on basic research needs for scientific machine learning: Core technologies for artificial intelligence},
  author={Baker, Nathan and Alexander, Frank and Bremer, Timo and Hagberg, Aric and Kevrekidis, Yannis and Najm, Habib and Parashar, Manish and Patra, Abani and Sethian, James and Wild, Stefan and others},
  year={2019},
  institution={USDOE Office of Science (SC)},
  address={Washington, DC}
}

@article{chen2021discovering,
  title={Discovering state variables hidden in experimental data},
  author={Chen, Boyuan and Huang, Kuang and Raghupathi, Sunand and Chandratreya, Ishaan and Du, Qiang and Lipson, Hod},
  journal={arXiv preprint arXiv:2112.10755},
  year={2021}
}

@article{goyal2021lqresnet,
  title={LQResNet: a deep neural network architecture for learning dynamic processes},
  author={Goyal, Pawan and Benner, Peter},
  journal={arXiv preprint arXiv:2103.02249},
  year={2021}
}

@article{hochreiter1997long,
  title={Long short-term memory},
  author={Hochreiter, Sepp and Schmidhuber, J{\"u}rgen},
  journal={Neural computation},
  volume={9},
  number={8},
  pages={1735--1780},
  year={1997},
  publisher={MIT press}
}

@article{dosovitskiy2020image,
  title={An image is worth 16x16 words: Transformers for image recognition at scale},
  author={Dosovitskiy, Alexey and Beyer, Lucas and Kolesnikov, Alexander and Weissenborn, Dirk and Zhai, Xiaohua and Unterthiner, Thomas and Dehghani, Mostafa and Minderer, Matthias and Heigold, Georg and Gelly, Sylvain and others},
  journal={arXiv preprint arXiv:2010.11929},
  year={2020}
}

@book{arnold1978mathematical,
  title={Mathematical Methods of Classical Mechanics},
  author={Arnold, V. I.},
  publisher={Springer},
  series={Graduate Texts in Mathematics},
  address={New York City},
  year={1978}
}

@book{bishop1980tensor,
  title={Tensor Analysis on Manifolds},
  author={Bishop, Richard L and Goldberg, Samuel I},
  year={1980},
  publisher={Dover Publications},
  address={Mineola, NY}
}

@book{leimkuhler2004simulating,
  title={Simulating hamiltonian dynamics},
  author={Leimkuhler, Benedict and Reich, Sebastian},
  year={2004},
  publisher={Cambridge university press}, 
  address={Cambridge, UK}
}

@article{buchfink2023symplectic,
author = {Buchfink, Patrick and Glas, Silke and Haasdonk, Bernard},
title = {Symplectic Model Reduction of Hamiltonian Systems on Nonlinear Manifolds and Approximation with Weakly Symplectic Autoencoder},
journal = {SIAM Journal on Scientific Computing},
volume = {45},
number = {2},
pages = {A289-A311},
year = {2023}
}


@article{raissi2019physics,
  title={Physics-informed neural networks: A deep learning framework for solving forward and inverse problems involving nonlinear partial differential equations},
  author={Raissi, Maziar and Perdikaris, Paris and Karniadakis, George E},
  journal={Journal of Computational physics},
  volume={378},
  pages={686--707},
  year={2019},
  publisher={Elsevier}
}

@article{jin2020sympnets,
  title={SympNets: Intrinsic structure-preserving symplectic networks for identifying Hamiltonian systems},
  author={Jin, Pengzhan and Zhang, Zhen and Zhu, Aiqing and Tang, Yifa and Karniadakis, George Em},
  journal={Neural Networks},
  volume={132},
  pages={166--179},
  year={2020},
  publisher={Elsevier}
}

@article{lee2020model,
  title={Model reduction of dynamical systems on nonlinear manifolds using deep convolutional autoencoders},
  author={Lee, Kookjin and Carlberg, Kevin T},
  journal={Journal of Computational Physics},
  volume={404},
  pages={108973},
  year={2020},
  publisher={Elsevier}
}


@article{lassila2014model,
  title={Model order reduction in fluid dynamics: challenges and perspectives},
  author={Lassila, Toni and Manzoni, Andrea and Quarteroni, Alfio and Rozza, Gianluigi},
  journal={Reduced Order Methods for modeling and computational reduction},
  pages={235--273},
  year={2014},
  publisher={Springer}
}

@article{fresca2021comprehensive,
  title={A comprehensive deep learning-based approach to reduced order modeling of nonlinear time-dependent parametrized PDEs},
  author={Fresca, Stefania and Dede, Luca and Manzoni, Andrea},
  journal={Journal of Scientific Computing},
  volume={87},
  number={2},
  pages={1--36},
  year={2021},
  publisher={Springer}
}

@article{chaturantabut2010nonlinear,
  title={Nonlinear model reduction via discrete empirical interpolation},
  author={Chaturantabut, Saifon and Sorensen, Danny C},
  journal={SIAM Journal on Scientific Computing},
  volume={32},
  number={5},
  pages={2737--2764},
  year={2010},
  publisher={SIAM}
}

@article{hemmasian2023reduced,
  title={Reduced-order modeling of fluid flows with transformers},
  author={Hemmasian, AmirPouya and Barati Farimani, Amir},
  journal={Physics of Fluids},
  volume={35},
  number={5},
  year={2023},
  publisher={AIP Publishing}
}
@article{solera2023beta,
  title={$\beta$-Variational autoencoders and transformers for reduced-order modelling of fluid flows},
  author={Solera-Rico, Alberto and Vila, Carlos Sanmiguel and G{\'o}mez, MA and Wang, Yuning and Almashjary, Abdulrahman and Dawson, Scott and Vinuesa, Ricardo},
  journal={arXiv preprint arXiv:2304.03571},
  year={2023}
}

@article{peng2016symplectic,
  title={Symplectic model reduction of Hamiltonian systems},
  author={Peng, Liqian and Mohseni, Kamran},
  journal={SIAM Journal on Scientific Computing},
  volume={38},
  number={1},
  pages={A1--A27},
  year={2016},
  publisher={SIAM}
}

@article{tyranowski2019symplectic,
  title={Symplectic model reduction methods for the Vlasov equation},
  author={Tyranowski, Tomasz M and Kraus, Michael},
  journal={Contributions to Plasma Physics},
  year={2022}
}

@article{yildiz2024structure,
  title={Structure-preserving learning for multi-symplectic PDEs},
  author={Y{\i}ld{\i}z, S{\"u}leyman and Goyal, Pawan and Benner, Peter},
  journal={arXiv preprint arXiv:2409.10432},
  year={2024}
}

@article{bridges2001multi,
  title={Multi-symplectic integrators: numerical schemes for Hamiltonian PDEs that conserve symplecticity},
  author={Bridges, Thomas J and Reich, Sebastian},
  journal={Physics Letters A},
  volume={284},
  number={4-5},
  pages={184--193},
  year={2001},
  publisher={Elsevier}
}


@article{brantner2023symplectic,
  title={Symplectic autoencoders for model reduction of hamiltonian systems},
  author={Brantner, Benedikt and Kraus, Michael},
  journal={arXiv preprint arXiv:2312.10004},
  year={2023}
}

@article{graves2012long,
  title={Long short-term memory},
  author={Graves, Alex and Graves, Alex},
  journal={Supervised sequence labelling with recurrent neural networks},
  pages={37--45},
  year={2012},
  publisher={Springer}
}

@misc{rumelhart1985learning,
  title={Learning internal representations by error propagation},
  author={Rumelhart, David E and Hinton, Geoffrey E and Williams, Ronald J and others},
  year={1985},
  publisher={Institute for Cognitive Science, University of California, San Diego La~â€¦}
}

@article{vaswani2017attention,
  title={Attention is all you need},
  author={Vaswani, Ashish and Shazeer, Noam and Parmar, Niki and Uszkoreit, Jakob and Jones, Llion and Gomez, Aidan N and Kaiser, Lukasz and Polosukhin, Illia},
  journal={Advances in neural information processing systems},
  volume={30},
  year={2017}
}

@inproceedings{he2016deep,
  title={Deep residual learning for image recognition},
  author={He, Kaiming and Zhang, Xiangyu and Ren, Shaoqing and Sun, Jian},
  booktitle={Proceedings of the IEEE conference on computer vision and pattern recognition},
  pages={770--778},
  year={2016}
}
@article{feng1998step,
  title={The step-transition operators for multi-step methods of ODE's},
  author={Feng, Kang},
  journal={Journal of Computational Mathematics},
  pages={193--202},
  year={1998},
  publisher={JSTOR}
}

@book{holm2009geometric,
  title={Geometric mechanics and symmetry: from finite to infinite dimensions},
  author={Holm, Darryl D and Schmah, Tanya and Stoica, Cristina},
  volume={12},
  year={2009},
  publisher={Oxford University Press},
  address={Oxford, UK}
}

@article{achiam2023gpt,
  title={Gpt-4 technical report},
  author={Achiam, Josh and Adler, Steven and Agarwal, Sandhini and Ahmad, Lama and Akkaya, Ilge and Aleman, Florencia Leoni and Almeida, Diogo and Altenschmidt, Janko and Altman, Sam and Anadkat, Shyamal and others},
  journal={arXiv preprint arXiv:2303.08774},
  year={2023}
}

@misc{rtx4090,
    title = {GeForce RTX 4090},
    howpublished={\url{https://www.nvidia.com/de-de/geforce/graphics-cards/40-series/rtx-4090/}},
    author = {NVIDIA},
    year = {2022},
    note = {Accessed on April 3, 2024.}
}

@article{bezanson2017julia,
  title={Julia: A fresh approach to numerical computing},
  author={Bezanson, Jeff and Edelman, Alan and Karpinski, Stefan and Shah, Viral B},
  journal={SIAM review},
  volume={59},
  number={1},
  pages={65--98},
  year={2017},
  publisher={SIAM},
  url={https://doi.org/10.1137/141000671}
}

@article{besard2018juliagpu,
  author        = {Besard, Tim and Foket, Christophe and De Sutter, Bjorn},
  title         = {Effective Extensible Programming: Unleashing {Julia} on {GPUs}},
  journal       = {IEEE Transactions on Parallel and Distributed Systems},
  year          = {2018},
  doi           = {10.1109/TPDS.2018.2872064},
  ISSN          = {1045-9219},
  archivePrefix = {arXiv},
  eprint        = {1712.03112},
  primaryClass  = {cs.PL},
}

@misc{brantner2020GML,
  title={GeometricMachineLearning.jl},
  author={Brantner, Benedikt and Kraus, Michael},
  year={2020},
  howpublished={\url{https://github.com/JuliaGNI/GeometricMachineLearning.jl}}
}

@article{kingma2014adam,
  title={Adam: A method for stochastic optimization},
  author={Kingma, Diederik P and Ba, Jimmy},
  journal={arXiv preprint arXiv:1412.6980},
  year={2014}
}

@book{goodfellow2016deep,
  title={Deep learning},
  author={Goodfellow, Ian and Bengio, Yoshua and Courville, Aaron},
  year={2016},
  publisher={MIT press},
  address={Cambridge, MA}
}

@article{bajars2023locally,
  title={Locally-symplectic neural networks for learning volume-preserving dynamics},
  author={Baj{\=a}rs, J{\=a}nis},
  journal={Journal of Computational Physics},
  volume={476},
  pages={111911},
  year={2023},
  publisher={Elsevier}
}

@article{kang1995volume,
  title={Volume-preserving algorithms for source-free dynamical systems},
  author={Kang, Feng and Zai-Jiu, Shang},
  journal={Numerische Mathematik},
  volume={71},
  pages={451--463},
  year={1995},
  publisher={Springer}
}


@article{greydanus2019hamiltonian,
  title={Hamiltonian neural networks},
  author={Greydanus, Samuel and Dzamba, Misko and Yosinski, Jason},
  journal={Advances in neural information processing systems},
  volume={32},
  year={2019}
}

@misc{Kraus:2020:GeometricIntegrators,
  title={GeometricIntegrators.jl: Geometric Numerical Integration in Julia},
  author={Kraus, Michael},
  year={2020},
  howpublished={\url{https://github.com/JuliaGNI/GeometricIntegrators.jl}},
  doi={10.5281/zenodo.3648325}
}

@article{chen2018neural,
  title={Neural ordinary differential equations},
  author={Chen, Ricky TQ and Rubanova, Yulia and Bettencourt, Jesse and Duvenaud, David K},
  journal={Advances in neural information processing systems},
  volume={31},
  year={2018}
}

@book{nocedal1999numerical,
  title={Numerical optimization},
  author={Nocedal, Jorge and Wright, Stephen J},
  year={1999},
  address={Heidelberg},
  publisher={Springer}
}

@book{cellier2006continuous,
  title={Continuous system simulation},
  author={Cellier, Fran{\c{c}}ois E and Kofman, Ernesto},
  year={2006},
  publisher={Springer Science \& Business Media},
  address={Heidelberg}
}

@article{guo2022transformer,
  title={Transformer meets boundary value inverse problems},
  author={Guo, Ruchi and Cao, Shuhao and Chen, Long},
  journal={arXiv preprint arXiv:2209.14977},
  year={2022}
}
